@article{fuller_dt_tech_challenge_research,
  title={Digital twin: Enabling technologies, challenges and open research},
  author={Fuller, Aidan and Fan, Zhong and Day, Charles and Barlow, Chris},
  journal={IEEE access},
  volume={8},
  pages={108952--108971},
  year={2020},
  publisher={IEEE}
}

@article{singh_origin_to_future,
  title={Digital twin: Origin to future},
  author={Singh, Maulshree and Fuenmayor, Evert and Hinchy, Eoin P and Qiao, Yuansong and Murray, Niall and Devine, Declan},
  journal={Applied System Innovation},
  volume={4},
  number={2},
  pages={36},
  year={2021},
  publisher={MDPI}
}

@article{kumar2020application,
  title={Application of industry 4.0 technologies in SMEs for ethical and sustainable operations: Analysis of challenges},
  author={Kumar, Ravinder and Singh, Rajesh Kr and Dwivedi, Yogesh Kr},
  journal={Journal of cleaner production},
  volume={275},
  pages={124063},
  year={2020},
  publisher={Elsevier}
}

@inproceedings{abdelsattaropcgateway,
  title={An OPC UA Client/Gateway-Based Digital Twin Architecture of a SCADA System with Embedded System Connections},
  author={Abdelsattar, Ahmad and Park, Edward J and Marzouk, Amr},
  booktitle={2022 IEEE/ASME International Conference on Advanced Intelligent Mechatronics (AIM)},
  pages={798--803},
  year={2022},
  organization={IEEE}
}

@article{haghshenaspredictivewindstore,
  title={Predictive digital twin for offshore wind farms},
  author={Haghshenas, Amirashkan and Hasan, Agus and Osen, Ottar and Mikalsen, Egil Tennfjord},
  journal={Energy Informatics},
  volume={6},
  number={1},
  pages={1--26},
  year={2023},
  publisher={SpringerOpen}
}

@article{elevator,
  title={Development of a digital twin for an elevator system},
  author={Ouadoudi, Marouane and Schwarz, Michael H and Borcsok, Josef},
  journal={WSEAS Transactions on Systems and Control},
  volume={17},
  pages={214--221},
  year={2022},
  publisher={WSEAS}
}

@inproceedings{opcuaMqttmizuya,
  title={A case study of data acquisition from field devices using OPC UA and MQTT},
  author={Mizuya, Toru and Okuda, Makoto and Nagao, Tatsuaki},
  booktitle={2017 56th Annual Conference of the Society of Instrument and Control Engineers of Japan (SICE)},
  pages={611--614},
  year={2017},
  organization={IEEE}
}

@article{williams2016design,
  title={Design and implementation of a microcontroller-based automatic waste management sorting unit for a recycling plant},
  author={Williams, Emmanuel Atta and Bentil, John},
  journal={American Journal of Engineering Research (AJER)},
  volume={5},
  number={7},
  pages={248--252},
  year={2016}
}

@inproceedings{gundupalli2016automated,
  title={Automated municipal solid waste sorting for recycling using a mobile manipulator},
  author={Gundupalli Paulraj, Sathish and Hait, Subrata and Thakur, Atul},
  booktitle={International design engineering technical conferences and computers and information in engineering conference},
  volume={50152},
  pages={V05AT07A045},
  year={2016},
  organization={American Society of Mechanical Engineers}
}

@inproceedings{diya2018developing,
  title={Developing an intelligent waste sorting system with robotic arm: A step towards green environment},
  author={Diya, Sadia Zahin and Proma, Rifat Ara and Islam, Muhammad Nazrul and Anannya, Tasmiah Tamzid and Al Mamun, Abdullah and Arefeen, Rizvi and Al Mamun, Saifullah and Rahman, Ihtiaz Ishmam and Rabbi, Md Fazle},
  booktitle={2018 International Conference on Innovation in Engineering and Technology (ICIET)},
  pages={1--6},
  year={2018},
  organization={IEEE}
}

@inproceedings{fernbach2014opc,
  title={An OPC UA information model for cross-domain vertical integration in automation systems},
  author={Fernbach, Andreas and Kastner, Wolfgang and M{\"a}tzler, Stefan and Wollschlaeger, Martin},
  booktitle={Proceedings of the 2014 IEEE Emerging Technology and Factory Automation (ETFA)},
  pages={1--8},
  year={2014},
  organization={IEEE}
}

@inproceedings{haskamp2018implementing,
  title={Implementing an OPC UA interface for legacy PLC-based automation systems using the Azure cloud: An ICPS-architecture with a retrofitted RFID system},
  author={Haskamp, Hermann and Orth, Florian and Wermann, Jeffrey and Colombo, Armando Walter},
  booktitle={2018 IEEE Industrial Cyber-Physical Systems (ICPS)},
  pages={115--121},
  year={2018},
  organization={IEEE}
}

@article{lohtander2018micro,
  title={Micro manufacturing unit and the corresponding 3D-model for the digital twin},
  author={Lohtander, Mika and Ahonen, Niko and Lanz, Minna and Ratava, Juho and Kaakkunen, Jarno},
  journal={Procedia manufacturing},
  volume={25},
  pages={55--61},
  year={2018},
  publisher={Elsevier}
}

@book{iotp,
  author = {Nguyễn Thiên Ân and Phạm Thanh Danh and Huỳnh Nhữ Hùng and Trần Nhựt Quang and Nguyễn Văn Hạnh and Lê Trọng Nhân and Lê Phương Nam},
  % year = {1994},
  title = {Phát triển IoT Gateway bằng Python},
  % publisher = {Addison Wesley},
  % address = {Massachusetts},
  % edition = {2}
}

@ARTICLE{chen,
  author={Chen, Baotong and Wan, Jiafu and Shu, Lei and Li, Peng and Mukherjee, Mithun and Yin, Boxing},
  journal={IEEE Access}, 
  title={Smart Factory of Industry 4.0: Key Technologies, Application Case, and Challenges}, 
  year={2018},
  volume={6},
  number={},
  pages={6505-6519},
  doi={10.1109/ACCESS.2017.2783682}}


@online{sapweb,
    author    = "SAP",
    title     = "What is a smart factory? | SAP Insights",
    url       = "https://www.sap.com/insights/what-is-a-smart-factory.html",
    keywords  = "smart factory, benefits, definition"
}

@online{twiweb,
    author    = "TWI",
    title     = "What is a smart factory? (A Complete Guide) - TWI",
    url       = "https://www.twi-global.com/technical-knowledge/faqs/what-is-a-smart-factory",
    keywords  = "smart factory, benefits, definition"
}

@online{wsnweb,
    author    = "Mangesh Kuldharan",
    title     = "How This Industrial Wireless Sensor Network Market Is Important For Industrial Sectors!",
    url       = "https://www.linkedin.com/pulse/how-industrial-wireless-sensor-network-market-sectors-kuldharan/",
    keywords  = "industrial wireless sensor network"
}

@online{m2mw,
    author    = "Sharon Shea",
    title     = "machine-to-machine (M2M)",
    url       = "https://www.techtarget.com/iotagenda/definition/machine-to-machine-M2M",
    keywords  = "M2M"
}

@online{opcrw,
    author    = "OPC Router",
    title     = "What is OPC UA? A practical introduction",
    url       = "https://www.opc-router.com/what-is-opc-ua/",
    keywords  = "OPC"
}

@online{ibw,
    author    = "Stefan Hoppe",
    title     = "IoT basics: What is OPC UA?",
    url       = "https://www.etmm-online.com/iot-basics-what-is-opc-ua-a-9be2f057ce7843b17843b2870298b591/",
    keywords  = "OPC"
}

@online{5levw,
    author    = "Marek Gregor",
    title     = "OPC UA server and client in the D2000",
    url       = "https://d2000.ipesoft.com/blog/opc-ua-server-in-d2000-v12-part-1-presentation-of-opc-ua/",
    keywords  = "deployment options"
}

@online{tddmopcw,
    author    = "PAESSLER",
    title     = "The advantages of device monitoring using OPC UA with PRTG",
    url       = "https://www.paessler.com/opc-ua-monitoring#opc-ua-definition",
    keywords  = "OPC"
}

@online{mqttw,
    author    = "RANDOM NERD TUTORIALS",
    title     = "MQTT (MQ Telemetry Transport)",
    url       = "https://randomnerdtutorials.com/what-is-mqtt-and-how-it-works/",
    keywords  = "MQTT"
}

@online{paemqttw,
    author    = "PAESSLER",
    title     = "MQTT",
    url       = "https://www.paessler.com/it-explained/mqtt",
    keywords  = "MQTT"
}

@online{mqtttechw,
    author    = "
Corinne Bernstein",
    title     = "MQTT (MQ Telemetry Transport)",
    url       = "https://www.techtarget.com/iotagenda/definition/MQTT-MQ-Telemetry-Transport",
    keywords  = "MQTT"
}



@online{netfww,
    author    = "Microsoft",
    title     = "What is .NET Framework?",
    url       = "https://dotnet.microsoft.com/en-us/learn/dotnet/what-is-dotnet-framework",
    keywords  = "net framework"
}

@online{metric,
    author    = "Pham Dinh Khanh",
    title     = "Bộ dữ liệu",
    url       = "https://phamdinhkhanh.github.io/deepai-book/ch_ml/modelMetric.html",
    keywords  = "recall, precision, f1"
}

@INPROCEEDINGS{8755050,  
author={Profanter, Stefan and Tekat, Ayhun and Dorofeev, Kirill and Rickert, Markus and Knoll, Alois},  
booktitle={2019 IEEE International Conference on Industrial Technology (ICIT)},   
title={OPC UA versus ROS, DDS, and MQTT: Performance Evaluation of Industry 4.0 Protocols},   
year={2019},  
volume={},  
number={},  
pages={955-962}, 
doi={10.1109/ICIT.2019.8755050}}

@INPROCEEDINGS{8428342,
  author={Silveira Rocha, Murilo and Serpa Sestito, Guilherme and Luis Dias, Andre and Celso Turcato, Afonso and Brandão, Dennis},
  booktitle={2018 Workshop on Metrology for Industry 4.0 and IoT}, 
  title={Performance Comparison Between OPC UA and MQTT for Data Exchange}, 
  year={2018},
  volume={},
  number={},
  pages={175-179},
  doi={10.1109/METROI4.2018.8428342}}

@inproceedings{glaessgen2012digital,
  title={The digital twin paradigm for future NASA and US Air Force vehicles},
  author={Glaessgen, Edward and Stargel, David},
  booktitle={53rd AIAA/ASME/ASCE/AHS/ASC structures, structural dynamics and materials conference 20th AIAA/ASME/AHS adaptive structures conference 14th AIAA},
  pages={1818},
  year={2012}
}

@article{chen2017integrated,
  title={Integrated and intelligent manufacturing: perspectives and enablers},
  author={Chen, Yubao},
  journal={Engineering},
  volume={3},
  number={5},
  pages={588--595},
  year={2017},
  publisher={Elsevier}
}

@article{zheng2019application,
  title={An application framework of digital twin and its case study},
  author={Zheng, Yu and Yang, Sen and Cheng, Huanchong},
  journal={Journal of Ambient Intelligence and Humanized Computing},
  volume={10},
  pages={1141--1153},
  year={2019},
  publisher={Springer}
}

@article{madni2019leveraging,
  title={Leveraging digital twin technology in model-based systems engineering},
  author={Madni, Azad M and Madni, Carla C and Lucero, Scott D},
  journal={Systems},
  volume={7},
  number={1},
  pages={7},
  year={2019},
  publisher={MDPI}
}